<record><leader>00000cas a2200000 a 4500</leader><controlfield tag="001">45816662</controlfield><controlfield tag="007">hd afb---baca</controlfield><controlfield tag="008">010130d19781995nyuwr nea     0    0eng c</controlfield><datafield ind1=" " ind2=" " tag="010"><subfield code="a">  2001234475</subfield></datafield><datafield ind1=" " ind2=" " tag="040"><subfield code="a">HBS</subfield><subfield code="b">eng</subfield><subfield code="c">HBS</subfield><subfield code="d">HUL</subfield><subfield code="d">OCLCQ</subfield><subfield code="d">WAU</subfield><subfield code="d">FTC</subfield><subfield code="d">IUL</subfield><subfield code="d">FUG</subfield><subfield code="d">IXA</subfield><subfield code="d">OCLCQ</subfield><subfield code="d">OCLCF</subfield><subfield code="d">OCLCO</subfield><subfield code="d">OCLCQ</subfield></datafield><datafield ind1=" " ind2=" " tag="019"><subfield code="a">8298415</subfield><subfield code="a">1012008341</subfield></datafield><datafield ind1="1" ind2=" " tag="029"><subfield code="a">AU@</subfield><subfield code="b">000022504871</subfield></datafield><datafield ind1=" " ind2=" " tag="042"><subfield code="a">pcc</subfield></datafield><datafield ind1=" " ind2=" " tag="043"><subfield code="a">n-us---</subfield></datafield><datafield ind1=" " ind2="4" tag="050"><subfield code="a">HF1</subfield><subfield code="b">.J62</subfield></datafield><datafield ind1="0" ind2=" " tag="130"><subfield code="a">Journal of commerce.</subfield><subfield code="p">Import bulletin (New York, N.Y. : 1978)</subfield></datafield><datafield ind1="1" ind2="4" tag="245"><subfield code="a">The journal of commerce.</subfield><subfield code="p">Import bulletin.</subfield></datafield><datafield ind1="3" ind2="0" tag="246"><subfield code="a">Import bulletin</subfield></datafield><datafield ind1=" " ind2=" " tag="260"><subfield code="a">New York, N.Y. :</subfield><subfield code="b">Twin Coast Newspapers,</subfield><subfield code="c">-[1995]</subfield></datafield><datafield ind1=" " ind2=" " tag="300"><subfield code="a">volumes :</subfield><subfield code="b">illustrations ;</subfield><subfield code="c">37 cm</subfield></datafield><datafield ind1=" " ind2=" " tag="310"><subfield code="a">Weekly</subfield></datafield><datafield ind1=" " ind2=" " tag="336"><subfield code="a">text</subfield><subfield code="b">txt</subfield><subfield code="2">rdacontent</subfield></datafield><datafield ind1=" " ind2=" " tag="337"><subfield code="a">microform</subfield><subfield code="b">h</subfield><subfield code="2">rdamedia</subfield></datafield><datafield ind1=" " ind2=" " tag="338"><subfield code="a">microfilm reel</subfield><subfield code="b">hd</subfield><subfield code="2">rdacarrier</subfield></datafield><datafield ind1="0" ind2=" " tag="362"><subfield code="a">-v. 49, no. 2,539 (Apr. 12, 1995).</subfield></datafield><datafield ind1="1" ind2=" " tag="362"><subfield code="a">Began in 1978?</subfield></datafield><datafield ind1=" " ind2=" " tag="588"><subfield code="a">Description based on: Vol. 36, no. 1847 (Dec. 30, 1981).</subfield></datafield><datafield ind1=" " ind2=" " tag="533"><subfield code="a">Microfilm.</subfield><subfield code="b">Sanford, N.C. :</subfield><subfield code="c">Microfilming Corporation of America.</subfield><subfield code="e">microfilm reels ; 35 mm.</subfield></datafield><datafield ind1=" " ind2="0" tag="650"><subfield code="a">Commerce</subfield><subfield code="v">Newspapers.</subfield></datafield><datafield ind1=" " ind2="0" tag="651"><subfield code="a">United States</subfield><subfield code="x">Commerce</subfield><subfield code="v">Newspapers.</subfield></datafield><datafield ind1=" " ind2="7" tag="650"><subfield code="a">Commerce.</subfield><subfield code="2">fast</subfield><subfield code="0">(OCoLC)fst00869279</subfield></datafield><datafield ind1=" " ind2="7" tag="651"><subfield code="a">United States.</subfield><subfield code="2">fast</subfield><subfield code="0">(OCoLC)fst01204155</subfield></datafield><datafield ind1=" " ind2="7" tag="655"><subfield code="a">Newspapers.</subfield><subfield code="2">fast</subfield><subfield code="0">(OCoLC)fst01423814</subfield></datafield><datafield ind1="0" ind2="8" tag="775"><subfield code="i">Also issued in a daily ed. called:</subfield><subfield code="t">Journal of commerce and commercial (New York, N.Y. : 1927)</subfield><subfield code="x">0361-5561</subfield></datafield><datafield ind1="0" ind2="0" tag="780"><subfield code="t">Journal of commerce. Import bulletin</subfield></datafield><datafield ind1="0" ind2="8" tag="787"><subfield code="i">Has companion publication:</subfield><subfield code="t">Journal of commerce. Export bulletin (New York, N.Y. : 1978)</subfield><subfield code="w">(DLC)  2001234474</subfield><subfield code="w">(OCoLC)45816329</subfield></datafield><datafield ind1=" " ind2=" " tag="850"><subfield code="a">InU</subfield><subfield code="a">TxU</subfield></datafield></record>